<?xml version="1.0" encoding="UTF-8"?>
<record xmlns="http://www.loc.gov/MARC21/slim">
   <leader>02248cam a2200517 a 4500</leader>
   <controlfield tag="001">2772208</controlfield>
   <controlfield tag="008">030709s2003    abca         s000 0 eng d</controlfield>
   <datafield tag="035" ind1=" " ind2=" ">
      <subfield code="a">ocm65963464</subfield>
   </datafield>
   <datafield tag="040" ind1=" " ind2=" ">
      <subfield code="a">AEEN</subfield>
      <subfield code="b">eng</subfield>
   </datafield>
   <datafield tag="043" ind1=" " ind2=" ">
      <subfield code="a">n-cn-ab</subfield>
   </datafield>
   <datafield tag="055" ind1=" " ind2="3">
      <subfield code="a">QK 605.7 A3*</subfield>
   </datafield>
   <datafield tag="090" ind1=" " ind2=" ">
      <subfield code="a">QK 605.7 A3 R519 2003</subfield>
      <subfield code="b">AEEN</subfield>
   </datafield>
   <datafield tag="090" ind1=" " ind2=" ">
      <subfield code="a">QK 605.7 A3 R519 2003</subfield>
      <subfield code="b">AEU</subfield>
   </datafield>
   <datafield tag="090" ind1=" " ind2=" ">
      <subfield code="a">Internet Access</subfield>
      <subfield code="b">AEEN</subfield>
   </datafield>
   <datafield tag="090" ind1=" " ind2=" ">
      <subfield code="a">Internet Access</subfield>
      <subfield code="b">AEU</subfield>
   </datafield>
   <datafield tag="100" ind1="1" ind2=" ">
      <subfield code="a">Richards, William.</subfield>
   </datafield>
   <datafield tag="240" ind1="0" ind2="0">
      <subfield code="a">Macrofungi of La Butte Creek, Fidler-Greywillow and Colin-Cornwall Wildland Provincial Parks // prepared for: Alberta Community Development, Parks and Protected Areas Division; prepared by William Richards and Diane Murray.</subfield>
   </datafield>
   <datafield tag="245" ind1="1" ind2="0">
      <subfield code="a">Macrofungi of La Butte Creek, Fidler-Greywillow and Colin-Cornwall Wildland Provincial Parks 2003</subfield>
      <subfield code="c">prepared for: Alberta Community Development, Parks and Protected Areas Division; prepared by William Richards and Diane Murray.</subfield>
   </datafield>
   <datafield tag="260" ind1=" " ind2=" ">
      <subfield code="a">[Edmonton] :</subfield>
      <subfield code="b">Alberta Community Development, Parks and Protected Areas Division,</subfield>
      <subfield code="c">2003.</subfield>
   </datafield>
   <datafield tag="300" ind1=" " ind2=" ">
      <subfield code="a">iii, 33 p. :</subfield>
      <subfield code="b">ill. ;</subfield>
      <subfield code="c">28 cm.</subfield>
   </datafield>
   <datafield tag="336" ind1=" " ind2=" ">
      <subfield code="a">text</subfield>
      <subfield code="b">txt</subfield>
      <subfield code="2">rdacontent</subfield>
   </datafield>
   <datafield tag="337" ind1=" " ind2=" ">
      <subfield code="a">unmediated</subfield>
      <subfield code="b">n</subfield>
      <subfield code="2">rdamedia</subfield>
   </datafield>
   <datafield tag="338" ind1=" " ind2=" ">
      <subfield code="a">volume</subfield>
      <subfield code="b">nc</subfield>
      <subfield code="2">rdacarrier</subfield>
   </datafield>
   <datafield tag="500" ind1=" " ind2=" ">
      <subfield code="a">"January 2003."</subfield>
   </datafield>
   <datafield tag="500" ind1=" " ind2=" ">
      <subfield code="a">Cover title.</subfield>
   </datafield>
   <datafield tag="504" ind1=" " ind2=" ">
      <subfield code="a">Includes bibliographical references.</subfield>
   </datafield>
   <datafield tag="530" ind1=" " ind2=" ">
      <subfield code="a">Also available on the Internet.</subfield>
   </datafield>
   <datafield tag="538" ind1=" " ind2=" ">
      <subfield code="a">System requirements for online access: Adobe Acrobat.</subfield>
   </datafield>
   <datafield tag="596" ind1=" " ind2=" ">
      <subfield code="a">1 2 44 48</subfield>
   </datafield>
   <datafield tag="650" ind1=" " ind2="0">
      <subfield code="a">Macrofungi</subfield>
      <subfield code="z">Alberta</subfield>
      <subfield code="z">La Butte Creek Wildland Provincial Park.</subfield>
   </datafield>
   <datafield tag="650" ind1=" " ind2="0">
      <subfield code="a">Macrofungi</subfield>
      <subfield code="z">Alberta</subfield>
      <subfield code="z">Fidler-Greywillow Wildland Provincial Park.</subfield>
   </datafield>
   <datafield tag="650" ind1=" " ind2="0">
      <subfield code="a">Macrofungi</subfield>
      <subfield code="z">Alberta</subfield>
      <subfield code="z">Colin-Cornwall Wildland Provincial Park.</subfield>
   </datafield>
   <datafield tag="650" ind1=" " ind2="0">
      <subfield code="a">Fungi</subfield>
      <subfield code="z">Alberta.</subfield>
   </datafield>
   <datafield tag="650" ind1=" " ind2="0">
      <subfield code="a">Discomycetes.</subfield>
   </datafield>
   <datafield tag="650" ind1=" " ind2="0">
      <subfield code="a">Basidiomycota.</subfield>
   </datafield>
   <datafield tag="650" ind1=" " ind2="0">
      <subfield code="a">Myxomycetes.</subfield>
   </datafield>
   <datafield tag="651" ind1=" " ind2="0">
      <subfield code="a">La Butte Creek Wildland Provincial Park (Alta.)</subfield>
   </datafield>
   <datafield tag="651" ind1=" " ind2="0">
      <subfield code="a">Fidler-Greywillow Wildland Provincial Park (Alta.)</subfield>
   </datafield>
   <datafield tag="651" ind1=" " ind2="0">
      <subfield code="a">Colin-Cornwall Wildland Provincial Park (Alta.)</subfield>
   </datafield>
   <datafield tag="700" ind1="1" ind2=" ">
      <subfield code="a">Murray, Diane.</subfield>
   </datafield>
   <datafield tag="710" ind1="1" ind2=" ">
      <subfield code="a">Alberta.</subfield>
      <subfield code="b">Parks and Protected Areas Division.</subfield>
   </datafield>
   <datafield tag="856" ind1="4" ind2="1">
      <subfield code="3">Free Access</subfield>
      <subfield code="u">http://www.albertaparks.ca/media/3195115/northern_mushrooms.pdf</subfield>
   </datafield>
   <datafield tag="926" ind1=" " ind2=" ">
      <subfield code="a">AGINTERNET</subfield>
      <subfield code="b">INTERNET</subfield>
      <subfield code="c">Internet Access</subfield>
      <subfield code="d">E-RESOURCE</subfield>
      <subfield code="f">1</subfield>
   </datafield>
   <datafield tag="926" ind1=" " ind2=" ">
      <subfield code="a">AGL_CAP</subfield>
      <subfield code="b">ON_SHELF</subfield>
      <subfield code="c">QK 605.7 A3 R519 2003</subfield>
      <subfield code="d">BOOK</subfield>
      <subfield code="f">1</subfield>
   </datafield>
   <datafield tag="926" ind1=" " ind2=" ">
      <subfield code="a">AGL_CAP</subfield>
      <subfield code="b">ARCHIVES</subfield>
      <subfield code="c">QK 605.7 A3 R519 2003</subfield>
      <subfield code="d">NO_LOAN</subfield>
      <subfield code="f">2</subfield>
   </datafield>
   <datafield tag="926" ind1=" " ind2=" ">
      <subfield code="a">UAINTERNET</subfield>
      <subfield code="b">INTERNET</subfield>
      <subfield code="c">Internet Access</subfield>
      <subfield code="d">E-RESOURCE</subfield>
      <subfield code="f">1</subfield>
   </datafield>
   <datafield tag="926" ind1=" " ind2=" ">
      <subfield code="a">UASCITECH</subfield>
      <subfield code="b">ON_SHELF</subfield>
      <subfield code="c">QK 605.7 A3 R519 2003</subfield>
      <subfield code="d">BOOK</subfield>
      <subfield code="f">1</subfield>
   </datafield>
</record>
